<?xml version="1.0" encoding="UTF-8"?><collection xmlns="http://www.loc.gov/MARC21/slim"><record><leader>00365nam--2200145-i-4500</leader><controlfield tag="001">000043598</controlfield><controlfield tag="002">20161230</controlfield><controlfield tag="005">20161230201044</controlfield><controlfield tag="008">060222s1000------------r-----000-0-eng-d</controlfield><datafield ind1=" " ind2=" " tag="080"><subfield code="a">621.3</subfield></datafield><datafield ind1=" " ind2=" " tag="100"><subfield code="a">Tanasescu,Fl. Si Cramariuc,R</subfield></datafield><datafield ind1=" " ind2=" " tag="245"><subfield code="a">Electrostatica in tehnica</subfield></datafield><datafield ind1=" " ind2=" " tag="260"><subfield code="a">Bucuresti, Ed.Tehnica, 1977. 255 P</subfield></datafield><datafield ind1=" " ind2=" " tag="490"><subfield code="a">Electo-energetica</subfield></datafield><datafield ind1=" " ind2=" " tag="852"><subfield code="a">44266</subfield></datafield></record></collection>